@misc{ciawordlfactbook,
  author = {CIA World Factbook},
  howpublished = {\url{https://www.cia.gov/the-world-factbook/countries/afghanistan/}},
  title = {Afghanistan},
  year = {2024}
}

@misc{pbs,
  author = {Pakistan Berue of Statistics},
  howpublished = {\url{https://web.archive.org/web/20220409115251/https://www.pbs.gov.pk/sites/default/files//population_census/census_2017_tables/pakistan/Table11n.pdf}},
  title = {Population by Mother Tongue},
  year = {2021}
}

@article{history_pashto,
  author = {Ahmadullah Aziz},
  journal = {Journal of Emerging Technologies and Innovative Research},
  number = {6},
  title = {A Brief History of Pashto Literature},
  volume = {6},
  year = {2019}
}

@INPROCEEDINGS{fizza_iqra_urdu_attribution,
  author={Siddiqui, Iqra and Rubab, Fizza and Siddiqui, Haania and Samad, Abdul},
  booktitle={2023 3rd International Conference on Artificial Intelligence (ICAI)}, 
  title={Poet Attribution of Urdu Ghazals using Deep Learning}, 
  year={2023},
  volume={},
  number={},
  pages={196-203},
  keywords={Deep learning;Support vector machines;Analytical models;Computational modeling;Bit error rate;Writing;Predictive models;poet attribution;authorship attribution;deep learning;transformers;classification;computational linguistics},
  doi={10.1109/ICAI58407.2023.10136675}
}

@article{persian_poetry_classification,
title = {A deep learning classification model for Persian Hafez poetry based on the poetâ€™s era},
journal = {Decision Analytics Journal},
volume = {4},
pages = {100111},
year = {2022},
issn = {2772-6622},
doi = {https://doi.org/10.1016/j.dajour.2022.100111},
url = {https://www.sciencedirect.com/science/article/pii/S2772662222000479},
author = {Jannatul Ferdous Ruma and Sharmin Akter and Jesrin Jahan Laboni and Rashedur M. Rahman},
keywords = {Natural Language Processing, Persian text classification, Neural network, Long Short-Term Memory (LSTM), Bidirectional Long Short-Term Memory (Bi-LSTM), Gated Recurrent Unit (GRU), Paragraph Vector (Doc2Vec), Distributed Memory},
}

@article{gujrati_poetry_attribution,
author = {Mehta, Bhavin and Rajyagor, Bhargav},
year = {2021},
month = {05},
pages = {},
title = {GUJARATI POETRY CLASSIFICATION BASED ON EMOTIONS USING DEEP LEARNING},
volume = {6},
journal = {International Journal of Engineering Applied Sciences and Technology},
doi = {10.33564/IJEAST.2021.v06i01.054}
}

@article{urdu_poet_attribution_kiet,
  author = {Tafseer Ahmed and Adil Rao},
  journal = {Poet attribution for urdu: Finding optimal
configuration for short text},
  title = {Poet attribution for urdu: Finding optimal
configuration for short text},
  volume = {4},
  issue = {2},
  year = {2021}
}

@misc{urdu_authorship_attribution,
author = {Dar, Momna},
year = {2020},
month = {06},
pages = {},
title = {Authorship Attribution in Urdu Poetry},
}

@article{urdu_ghazal_svm,
  author = {Nida Tariq and Iqra Ejaz and Muhammad Kamran Malik and Zubair Nawaz and Faisal Bukhari},
  journal = {Mehran University Research Journal of Engineering and Technology},
  number = {4},
  title = {Idenitification of Urdu Ghazal Poets Using SVM},
  volume = {38},
  year = {2019}
}

@article{arabic_poetry_attribution,
author = {Al-falahi, Ahmed and Ramdani, Mohammed and Bellafkih, M.},
year = {2017},
month = {01},
pages = {42-46},
title = {Machine Learning for Authorship Attribution in Arabic Poetry},
volume = {6},
journal = {International Journal of Future Computer and Communication},
doi = {10.18178/ijfcc.2017.6.2.486}
}

@misc{pashto_text_classification,
author = {Baktash, Jawid and Dawodi, Mursal},
year = {2023},
month = {05},
pages = {},
title = {ENHANCING PASHTO TEXT CLASSIFICATION USING LANGUAGE PROCESSING TECHNIQUES FOR SINGLE AND MULTI-LABEL ANALYSIS},
doi = {10.48550/arXiv.2305.03201}
}